<?xml version="1.0" encoding="UTF-8"?><collection xmlns="http://www.loc.gov/MARC21/slim"><record><leader>00502nam--2200193-u-4500</leader><controlfield tag="001">000053853</controlfield><controlfield tag="002">20161230</controlfield><controlfield tag="005">20161230201051</controlfield><controlfield tag="008">110628s1000------------r-----000-0-rus-d</controlfield><datafield ind1=" " ind2=" " tag="040"><subfield code="a">IFIN-HH</subfield></datafield><datafield ind1=" " ind2=" " tag="041"><subfield code="a">rus</subfield></datafield><datafield ind1=" " ind2=" " tag="080"><subfield code="a">537.62</subfield></datafield><datafield ind1="1" ind2=" " tag="100"><subfield code="a">Iziumov, Iu.A</subfield></datafield><datafield ind1="1" ind2="0" tag="245"><subfield code="a">Teoria magnito-uproiadocennih kristallov s primesiami</subfield><subfield code="c">Iu.a. iziumov; m.v. medvedev</subfield></datafield><datafield ind1=" " ind2=" " tag="260"><subfield code="a">Moskva</subfield><subfield code="b">Nauka</subfield><subfield code="c">1970</subfield></datafield><datafield ind1=" " ind2=" " tag="300"><subfield code="a">271P</subfield></datafield><datafield ind1="1" ind2=" " tag="700"><subfield code="a">Medvedev, M.V</subfield></datafield><datafield ind1=" " ind2=" " tag="852"><subfield code="a">75186</subfield><subfield code="c">537:538</subfield></datafield><datafield ind1=" " ind2=" " tag="CAT"><subfield code="a">Sys</subfield><subfield code="c">20110628</subfield><subfield code="h">114627</subfield></datafield></record></collection>